@article{vanSteen2016,
  doi = {10.1007/s00607-016-0508-7},
  url = {https://doi.org/10.1007/s00607-016-0508-7},
  year = {2016},
  month = aug,
  publisher = {Springer Science and Business Media {LLC}},
  volume = {98},
  number = {10},
  pages = {967--1009},
  author = {Maarten van Steen and Andrew S. Tanenbaum},
  title = {A brief introduction to distributed systems},
  journal = {Computing}
}
@article{vanSteen1999,
  doi = {10.1109/4434.749137},
  url = {https://doi.org/10.1109/4434.749137},
  year = {1999},
  month = jan,
  publisher = {Institute of Electrical and Electronics Engineers ({IEEE})},
  volume = {7},
  number = {1},
  pages = {70--78},
  author = {M. van Steen and P. Homburg and A.S. Tanenbaum},
  title = {Globe: a wide area distributed system},
  journal = {{IEEE} Concurrency}
}
@article{Samuel1959,
  doi = {10.1147/rd.33.0210},
  url = {https://doi.org/10.1147/rd.33.0210},
  year = {1959},
  month = jul,
  publisher = {{IBM}},
  volume = {3},
  number = {3},
  pages = {210--229},
  author = {A. L. Samuel},
  title = {Some Studies in Machine Learning Using the Game of Checkers},
  journal = {{IBM} Journal of Research and Development}
}
@article{Breiman2001,
  doi = {10.1023/a:1010933404324},
  url = {https://doi.org/10.1023/a:1010933404324},
  year = {2001},
  publisher = {Springer Science and Business Media {LLC}},
  volume = {45},
  number = {1},
  pages = {5--32},
  author = {Leo Breiman},
  journal = {Machine Learning}
}
@article{Zhang2018,
  doi = {10.1109/access.2018.2818678},
  url = {https://doi.org/10.1109/access.2018.2818678},
  year = {2018},
  publisher = {Institute of Electrical and Electronics Engineers ({IEEE})},
  volume = {6},
  pages = {21020--21031},
  author = {Dahai Zhang and Liyang Qian and Baijin Mao and Can Huang and Bin Huang and Yulin Si},
  title = {A Data-Driven Design for Fault Detection of Wind Turbines Using Random Forests and {XGboost}},
  journal = {{IEEE} Access}
}

@article{Hackathorn2018,
author = {Hackathorn, Richard},
year = {2018},
month = {08},
pages = {1},
title = {How Managers Should Prepare for Deep Learning: New Values},
journal = {Published in Towards Data Science}
}